@misc{UnityDoc,
  title = {Unity Documentation - 2D or 3D projects},
  howpublished = {\url{https://docs.unity3d.com/}},
  year = {2020},
  note = {Accessed: 2020-06-30}
}

@misc{FeaturesUnity,
  title = {Features and description of Unity3D},
  howpublished = {\url{https://unity3d.com/unity}},
  year = {2020},
  note = {Accessed: 2020-06-30}
}

@misc{Gameobject,
  title = {Unity-Gameobjects},
  howpublished = {\url{https://docs.unity3d.com/560/Documentation/Manual/GameObjects.html}},
  year = {2020},
  note = {Accessed: 2020-07-20}
}

@misc{Asset,
  title = {Unity-Asset Workflow},
  howpublished = {\url{https://docs.unity3d.com/560/Documentation/Manual/AssetWorkflow.html}},
  year = {2020},
  note = {Accessed: 2020-07-20}
}

@misc{Prefab,
  title = {Unity-Prefabs},
  howpublished = {\url{https://docs.unity3d.com/Manual/Prefabs.html}},
  year = {2020},
  note = {Accessed: 2020-07-20}
}

@misc{Script,
  title = {Unity-Creating and Using Scripts},
  howpublished = {\url{https://docs.unity3d.com/Manual/CreatingAndUsingScripts.html}},
  year = {2020},
  note = {Accessed: 2020-07-20}
}

@misc{wiki:call,
    author = "{Wikipedia contributors}",
    title = "Call graph --- {Wikipedia}{,} The Free Encyclopedia",
    year = "2020",
    url = "https://en.wikipedia.org/w/index.php?title=Call_graph&oldid=961775989",
    note = "[Online; accessed 21-July-2020]"
  }

@article{bae2014,
  title={Design and development of Unity3D game engine-based smart SNG (Social Network Game)},
  author={Bae, Jae-Hwan and Kim, Ae-Hyun},
  journal={International Journal of Multimedia and Ubiquitous Engineering},
  volume={9},
  number={8},
  pages={261--266},
  year={2014}
}

@inproceedings{Buyuksalih2017,
author = {Buyuksalih, Ismail and Bayburt, Serdar and Buyuksalih, G. and Baskaraca, A. and Karim, Hairi and Rahman, A.},
year = {2017},
month = {11},
pages = {161-166},
title = {3D MODELLING AND VISUALIZATION BASED ON THE UNITY GAME ENGINE - ADVANTAGES AND CHALLENGES},
volume = {IV-4/W4},
journal = {ISPRS Annals of Photogrammetry, Remote Sensing and Spatial Information Sciences},
doi = {10.5194/isprs-annals-IV-4-W4-161-2017}
}

@article{Macedo2011,
  title={Experiences with rapid mobile game development using unity engine},
  author={de Macedo, Daniel V and Formico Rodrigues, Maria Andr{\'e}ia},
  journal={Computers in Entertainment (CIE)},
  volume={9},
  number={3},
  pages={1--12},
  year={2011},
  publisher={ACM New York, NY, USA}
}

@inproceedings{Kim2014,
author = {Kim, Sung and Suk, Hae Jung and Kang, Jeong and Jung, Jun and Laine, Teemu and Westlin, Joonas},
year = {2014},
month = {03},
pages = {21-26},
title = {Using Unity 3D to facilitate mobile augmented reality game development},
isbn = {978-1-4799-3459-1},
journal = {2014 IEEE World Forum on Internet of Things, WF-IoT 2014},
doi = {10.1109/WF-IoT.2014.6803110}
}

@inproceedings{Kim2016,
  title={PerfGuard: binary-centric application performance monitoring in production environments},
  author={Kim, Chung Hwan and Rhee, Junghwan and Lee, Kyu Hyung and Zhang, Xiangyu and Xu, Dongyan},
  booktitle={Proceedings of the 2016 24th ACM SIGSOFT International Symposium on Foundations of Software Engineering},
  pages={595--606},
  year={2016}
}

@inproceedings{Woodside2007,
  title={The future of software performance engineering},
  author={Woodside, Murray and Franks, Greg and Petriu, Dorina C},
  booktitle={Future of Software Engineering (FOSE'07)},
  pages={171--187},
  year={2007},
  organization={IEEE}
}

@misc{molyneaux2009,
  title={The Art of Application Performance Testing: Help for Programmers and Quality Assurance.[Sl]:" O'Reilly Media},
  author={MOLYNEAUX, I},
  year={2009},
  publisher={Inc}
}

@book{bryant2003,
  title={Computer systems: a programmer's perspective},
  author={Bryant, Randal E and David Richard, O'Hallaron and David Richard, O'Hallaron},
  volume={2},
  year={2003},
  publisher={Prentice Hall Upper Saddle River}
}

@inproceedings{messaoudi2015,
  title={Dissecting games engines: The case of Unity3D},
  author={Messaoudi, Farouk and Simon, Gwendal and Ksentini, Adlen},
  booktitle={2015 international workshop on network and systems support for games (NetGames)},
  pages={1--6},
  year={2015},
  organization={IEEE}
}

@misc{JGit,
  title = {JGit - Java implementation of the Git version control system},
  howpublished = {\url{https://www.eclipse.org/jgit/}},
  year = {2020},
  note = {Accessed: 2020-06-30}
}

@INPROCEEDINGS{Chen:perf:19,
  author={Y. {Chen} and S. {Winter} and N. {Suri}},
  booktitle={2019 IEEE 30th International Symposium on Software Reliability Engineering (ISSRE)}, 
  title={Inferring Performance Bug Patterns from Developer Commits}, 
  year={2019},
  volume={},
  number={},
  pages={70-81}
 }
 
@misc{srcML,
  title = {srcML - An infrastructure for the exploration, analysis, and manipulation of source code},
  howpublished = {\url{https://www.srcml.org/}},
  year = {2020},
  note = {Accessed: 2020-06-30}
}

@inproceedings{Jean:gumtree:2014,
  author    = {Jean{-}R{\'{e}}my Falleri and
               Flor{\'{e}}al Morandat and
               Xavier Blanc and
               Matias Martinez and
               Martin Monperrus},
  title     = {Fine-grained and accurate source code differencing},
  booktitle = {{ACM/IEEE} International Conference on Automated Software Engineering,
               {ASE} '14, Vasteras, Sweden - September 15 - 19, 2014},
  pages     = {313-324},
  year      = {2014},
  url       = {http://doi.acm.org/10.1145/2642937.2642982},
  doi       = {10.1145/2642937.2642982}
}

@inproceedings{zaman_security_2011,
author = {Zaman, Shahed and Adams, Bram and Hassan, Ahmed E.},
title = {Security versus Performance Bugs: A Case Study on Firefox},
year = {2011},
isbn = {9781450305747},
publisher = {Association for Computing Machinery},
address = {New York, NY, USA},
url = {https://doi.org/10.1145/1985441.1985457},
doi = {10.1145/1985441.1985457},
booktitle = {Proceedings of the 8th Working Conference on Mining Software Repositories},
pages = {93-102},
numpages = {10},
keywords = {performance bugs, bugzilla, security bugs, firefox, empirical study},
location = {Waikiki, Honolulu, HI, USA},
series = {MSR '11}
}

@inproceedings{Zaman_study_2012,
author = {Zaman, Shahed and Adams, Bram and Hassan, Ahmed E.},
title = {A Qualitative Study on Performance Bugs},
year = {2012},
isbn = {9781467317610},
publisher = {IEEE Press},
booktitle = {Proceedings of the 9th IEEE Working Conference on Mining Software Repositories},
pages = {199-208},
numpages = {10},
keywords = {chromium, Mozilla Firefox, qualitative study, performance bugs},
location = {Zurich, Switzerland},
series = {MSR '12}
}
  
@inproceedings{10.1145/2254064.2254075,
author = {Jin, Guoliang and Song, Linhai and Shi, Xiaoming and Scherpelz, Joel and Lu, Shan},
title = {Understanding and Detecting Real-World Performance Bugs},
year = {2012},
isbn = {9781450312059},
publisher = {Association for Computing Machinery},
address = {New York, NY, USA},
url = {https://doi.org/10.1145/2254064.2254075},
doi = {10.1145/2254064.2254075},
booktitle = {Proceedings of the 33rd ACM SIGPLAN Conference on Programming Language Design and Implementation},
pages = {77-88},
numpages = {12},
keywords = {rule-based bug detection, performance bugs, characteristics study},
location = {Beijing, China},
series = {PLDI '12}
}
  
@article{Jin_performance_2012,
author = {Jin, Guoliang and Song, Linhai and Shi, Xiaoming and Scherpelz, Joel and Lu, Shan},
title = {Understanding and Detecting Real-World Performance Bugs},
year = {2012},
issue_date = {June 2012},
publisher = {Association for Computing Machinery},
address = {New York, NY, USA},
volume = {47},
number = {6},
issn = {0362-1340},
url = {https://doi.org/10.1145/2345156.2254075},
doi = {10.1145/2345156.2254075},
journal = {SIGPLAN Not.},
month = jun,
pages = {77-88},
numpages = {12},
keywords = {characteristics study, rule-based bug detection, performance bugs}
}

@inproceedings{Nistor_performance_2013,
author = {Nistor, Adrian and Jiang, Tian and Tan, Lin},
title = {Discovering, Reporting, and Fixing Performance Bugs},
year = {2013},
isbn = {9781467329361},
publisher = {IEEE Press},
booktitle = {Proceedings of the 10th Working Conference on Mining Software Repositories},
pages = {237-246},
numpages = {10},
location = {San Francisco, CA, USA},
series = {MSR '13}
}

@INPROCEEDINGS{Fonseca2010,
  author={P. {Fonseca} and  {Cheng Li} and V. {Singhal} and R. {Rodrigues}},
  booktitle={2010 IEEE/IFIP International Conference on Dependable Systems   Networks (DSN)}, 
  title={A study of the internal and external effects of concurrency bugs}, 
  year={2010},
  volume={},
  number={},
  pages={221-230},
}

  
@inproceedings{Lu2008,
author = {Lu, Shan and Park, Soyeon and Seo, Eunsoo and Zhou, Yuanyuan},
title = {Learning from Mistakes: A Comprehensive Study on Real World Concurrency Bug Characteristics},
year = {2008},
isbn = {9781595939586},
publisher = {Association for Computing Machinery},
address = {New York, NY, USA},
url = {https://doi.org/10.1145/1346281.1346323},
doi = {10.1145/1346281.1346323},
booktitle = {Proceedings of the 13th International Conference on Architectural Support for Programming Languages and Operating Systems},
pages = {329-339},
numpages = {11},
keywords = {bug characteristics, concurrency bug, concurrent program},
location = {Seattle, WA, USA},
series = {ASPLOS XIII}
}
  
@inproceedings{Sahoo2010,
author = {Sahoo, Swarup Kumar and Criswell, John and Adve, Vikram},
title = {An Empirical Study of Reported Bugs in Server Software with Implications for Automated Bug Diagnosis},
year = {2010},
isbn = {9781605587196},
publisher = {Association for Computing Machinery},
address = {New York, NY, USA},
url = {https://doi.org/10.1145/1806799.1806870},
doi = {10.1145/1806799.1806870},
booktitle = {Proceedings of the 32nd ACM/IEEE International Conference on Software Engineering - Volume 1},
pages = {485-494},
numpages = {10},
keywords = {testing, network servers, bug characteristics, bug reports},
location = {Cape Town, South Africa},
series = {ICSE '10}
}

@INPROCEEDINGS{Park2012,
  author={J. {Park} and M. {Kim} and B. {Ray} and D. {Bae}},
  booktitle={2012 9th IEEE Working Conference on Mining Software Repositories (MSR)}, 
  title={An empirical study of supplementary bug fixes}, 
  year={2012},
  volume={},
  number={},
  pages={40-49}
 }
 
 @INPROCEEDINGS{Asaduzzaman2012,
  author={M. {Asaduzzaman} and M. C. {Bullock} and C. K. {Roy} and K. A. {Schneider}},
  booktitle={2012 9th IEEE Working Conference on Mining Software Repositories (MSR)}, 
  title={Bug introducing changes: A case study with Android}, 
  year={2012},
  volume={},
  number={},
  pages={116-119}
  }
  
  @inproceedings{Aranda2009,
author = {Aranda, Jorge and Venolia, Gina},
title = {The Secret Life of Bugs: Going Past the Errors and Omissions in Software Repositories},
year = {2009},
isbn = {9781424434534},
publisher = {IEEE Computer Society},
address = {USA},
url = {https://doi.org/10.1109/ICSE.2009.5070530},
doi = {10.1109/ICSE.2009.5070530},
booktitle = {Proceedings of the 31st International Conference on Software Engineering},
pages = {298-308},
numpages = {11},
series = {ICSE '09}
}

@INPROCEEDINGS{Siegmund2012,
  author={N. {Siegmund} and S. S. {Kolesnikov} and C. {Kästner} and S. {Apel} and D. {Batory} and M. {Rosenmüller} and G. {Saake}},
  booktitle={2012 34th International Conference on Software Engineering (ICSE)}, 
  title={Predicting performance via automated feature-interaction detection}, 
  year={2012},
  volume={},
  number={},
  pages={167-177}
 }
 
@inproceedings{Killian2010,
author = {Killian, Charles and Nagaraj, Karthik and Pervez, Salman and Braud, Ryan and Anderson, James W. and Jhala, Ranjit},
title = {Finding Latent Performance Bugs in Systems Implementations},
year = {2010},
isbn = {9781605587912},
publisher = {Association for Computing Machinery},
address = {New York, NY, USA},
url = {https://doi.org/10.1145/1882291.1882297},
doi = {10.1145/1882291.1882297},
booktitle = {Proceedings of the Eighteenth ACM SIGSOFT International Symposium on Foundations of Software Engineering},
pages = {17-26},
numpages = {10},
keywords = {mace, performance, distributed systems, macepc, debugging},
location = {Santa Fe, New Mexico, USA},
series = {FSE '10}
}

@inproceedings{Yan2012,
author = {Yan, Dacong and Xu, Guoqing and Rountev, Atanas},
title = {Uncovering Performance Problems in Java Applications with Reference Propagation Profiling},
year = {2012},
isbn = {9781467310673},
publisher = {IEEE Press},
booktitle = {Proceedings of the 34th International Conference on Software Engineering},
pages = {134-144},
numpages = {11},
location = {Zurich, Switzerland},
series = {ICSE '12}
}

@inproceedings{Mostafa2017,
author = {Mostafa, Shaikh and Wang, Xiaoyin and Xie, Tao},
title = {PerfRanker: Prioritization of Performance Regression Tests for Collection-Intensive Software},
year = {2017},
isbn = {9781450350761},
publisher = {Association for Computing Machinery},
address = {New York, NY, USA},
url = {https://doi.org/10.1145/3092703.3092725},
doi = {10.1145/3092703.3092725},
booktitle = {Proceedings of the 26th ACM SIGSOFT International Symposium on Software Testing and Analysis},
pages = {23-34},
numpages = {12},
keywords = {Performance, Test Prioritization, Regression Testing},
location = {Santa Barbara, CA, USA},
series = {ISSTA 2017}
}

@inproceedings{Chen2014,
author = {Chen, Tse-Hsun and Shang, Weiyi and Jiang, Zhen Ming and Hassan, Ahmed E. and Nasser, Mohamed and Flora, Parminder},
title = {Detecting Performance Anti-Patterns for Applications Developed Using Object-Relational Mapping},
year = {2014},
isbn = {9781450327565},
publisher = {Association for Computing Machinery},
address = {New York, NY, USA},
url = {https://doi.org/10.1145/2568225.2568259},
doi = {10.1145/2568225.2568259},
booktitle = {Proceedings of the 36th International Conference on Software Engineering},
pages = {1001-1012},
numpages = {12},
keywords = {Performance Anti-pattern, Static Analysis, Performance, Dynamic Analysis, Performance Evaluation},
location = {Hyderabad, India},
series = {ICSE 2014}
}

@inproceedings{Han2018,
author = {Han, Xue and Yu, Tingting and Lo, David},
title = {PerfLearner: Learning from Bug Reports to Understand and Generate Performance Test Frames},
year = {2018},
isbn = {9781450359375},
publisher = {Association for Computing Machinery},
address = {New York, NY, USA},
url = {https://doi.org/10.1145/3238147.3238204},
doi = {10.1145/3238147.3238204},
booktitle = {Proceedings of the 33rd ACM/IEEE International Conference on Automated Software Engineering},
pages = {17-28},
numpages = {12},
keywords = {Software Mining, Performance Bugs, Software Testing},
location = {Montpellier, France},
series = {ASE 2018}
}
  
@article{Koyuncu,
  title={Fixminer: Mining relevant fix patterns for automated program repair},
  author={Koyuncu, Anil and Liu, Kui and Bissyand{\'e}, Tegawend{\'e} F and Kim, Dongsun and Klein, Jacques and Monperrus, Martin and Le Traon, Yves},
  journal={Empirical Software Engineering},
  pages={1--45},
  year={2020},
  publisher={Springer}
}
  
@inproceedings{martinez2019,
  title={Coming: A tool for mining change pattern instances from git commits},
  author={Martinez, Matias and Monperrus, Martin},
  booktitle={2019 IEEE/ACM 41st International Conference on Software Engineering: Companion Proceedings (ICSE-Companion)},
  pages={79--82},
  year={2019},
  organization={IEEE}
}

@inproceedings{lhotak2007,
  title={Comparing call graphs},
  author={Lhot{\'a}k, OndV rej},
  booktitle={Proceedings of the 7th ACM SIGPLAN-SIGSOFT workshop on Program analysis for software tools and engineering},
  pages={37--42},
  year={2007}
} 


@inproceedings{luo2016large,
  title={A large-scale empirical comparison of static and dynamic test case prioritization techniques},
  author={Luo, Qi and Moran, Kevin and Poshyvanyk, Denys},
  booktitle={Proceedings of the 2016 24th ACM SIGSOFT International Symposium on Foundations of Software Engineering},
  pages={559--570},
  year={2016}
}

@inproceedings{legunsen2016extensive,
  title={An extensive study of static regression test selection in modern software evolution},
  author={Legunsen, Owolabi and Hariri, Farah and Shi, August and Lu, Yafeng and Zhang, Lingming and Marinov, Darko},
  booktitle={Proceedings of the 2016 24th ACM SIGSOFT International Symposium on Foundations of Software Engineering},
  pages={583--594},
  year={2016}
}

@article{Musco2017,
author = {Musco, Vincenzo and Monperrus, Martin and Preux, Philippe},
title = {A Large-Scale Study of Call Graph-Based Impact Prediction Using Mutation Testing},
year = {2017},
issue_date = {September 2017},
publisher = {Kluwer Academic Publishers},
address = {USA},
volume = {25},
number = {3},
issn = {0963-9314},
url = {https://doi.org/10.1007/s11219-016-9332-8},
doi = {10.1007/s11219-016-9332-8},
journal = {Software Quality Journal},
month = sep,
pages = {921-950},
numpages = {30},
keywords = {Call graphs, Change impact analysis, Mutation testing}
}
  


  

  


  

  


